@misc{Ashton,
	title={That 'Internet of Things' Thing},
	author={Kevin Ashton},
	url={http://www.rfidjournal.com/articles/view?4986},
	urlaccessdate={10/10/2015},	
	year={2009}
}

@misc{Teixeira,
	title={Tudo o que você precisa saber para começar a brincar com iBeacons},
	author={Fabricio Teixeira},
	url={http://arquiteturadeinformacao.com/ux-em-espacos-fisicos/tudo-o-que-voce-precisa-saber-para-comecar-a-brincar-com-ibeacons/},
	urlaccessdate={09/10/2015},
	year={2014}
}

@misc{ChoiParkLee,
	title={Smart Office Energy Management System Using Bluetooth Low Energy Based Beacons and a Mobile App},
	author={Choi, Moonok and Park, Wan\-Ki and Lee, Ilwoo},
	url={https://www.deepdyve.com/lp/institute-of-electrical-and-electronics-engineers/smart-office-energy-management-system-using-bluetooth-low-energy-based-vOsfRcKGHG?articleList=%2Fsearch%3Fquery%3Dble%2Bbeacon},
	urlaccessdate={12/08/2015},
	year={2015}
}

@misc{Bohonos,
	title={Universal Real-Time Navigational  Assistance (URNA):  An Urban Bluetooth Beacon for the Blind},
	author={S. Bohonos and others},
	url={https://users.soe.ucsc.edu/~manduchi/Papers/health02f-bohonos.pdf},
	urlaccessdate={01/09/2015},
	year={2007}
}

@misc{Chawathe,
	title={Beacon Placement for Indoor Localization using Bluetooth},
	author={CHAWATHE, Sudarshan S.},
	url={http://aturing.umcs.maine.edu/~sudarshan.chawathe/pubs/bpil.pdf},
	urlaccessdate={02/09/2015},
	year={2008}
}

@misc{Danova,
	title={BEACONS: What They Are, How They Work, And Why Apple's iBeacon Technology Is Ahead Of The Pack},
	author={Tony Danova},
	url={http://www.businessinsider.com/beacons-and-ibeacons-create-a-new-market-2013-12},
	urlaccessdate={10/10/2015},
	year={2014}
}

@manual{Apple,
	organization={Apple Inc.},
	title={iOS: para entender o iBeacon},
	url={https://support.apple.com/pt-br/HT202880},
	urlaccessdate={11/10/2015},
	year={2015}
}	

@misc{AppleInsider,
	organization={AppleInsider Staff},
	title={First look: Using iBeacon location awareness at an Apple Store},
	url={http://appleinsider.com/articles/13/12/06/first-look-using-ibeacon-location-awareness-at-an-apple-store},
	urlaccessdate={11/10/2015},
	year={2013}
}

@manual{Google,
	organization={Google Developers},
	title={Beacons: Platform Overview},
	url={https://developers.google.com/beacons/overview},
	urlaccessdate={12/10/2015},
	year={2015}
}	
